@ARTICLE{IEEE2003, 
	journal={IEEE Std 802.15.4-2003}, 
	title={IEEE Standard for Information Technology - Telecommunications and Information Exchange Between Systems - Local and Metropolitan Area Networks Specific Requirements Part 15.4: Wireless Medium Access Control (MAC) and Physical Layer (PHY) Specifications for Low-Rate Wireless Personal Area Networks (LR-WPANs)}, 
	year={2003}, 
	pages={1-670}, 
	doi={10.1109/IEEESTD.2003.94389}, 
	month={},}

@ARTICLE{IEEE2016, 
	journal={IEEE Std 802.15.4-2015 (Revision of IEEE Std 802.15.4-2011)}, 
	title={IEEE Standard for Low-Rate Wireless Networks}, 
	year={2016},
	pages={1-709},  
	doi={10.1109/IEEESTD.2016.7460875}, 
	month={April},}

@Article{Rawat2014,
	author={Rawat, Priyanka
	and Singh, Kamal Deep
	and Chaouchi, Hakima
	and Bonnin, Jean Marie},
	title={Wireless sensor networks: a survey on recent developments and potential synergies},
	journal={The Journal of Supercomputing},
	year={2014},
	volume={68},
	number={1},
	pages={1--48},
	issn={1573-0484},
	doi={10.1007/s11227-013-1021-9}
}

@article{Warneke2001,
	author = {Warneke, Brett and Last, Matt and Liebowitz, Brian and Pister, Kristofer S J},
	doi = {10.1109/2.895117},
	isbn = {0018-9162},
	issn = {00189162},
	journal = {Computer},
	number = {1},
	pages = {44--51},
	title = {{Smart dust: communicating with a cubic-millimeter computer}},
	volume = {34},
	year = {2001}
}

@article{Correl2004,
	author = {Correl, John T.},
	journal = {Journal of The Airforce Association},
	pages = {56--61},
	title = {Igloo White},
	year = {2004}
}

@article{Pottie2000,
	author = {Pottie, G J and Kaiser, W J},
	doi = {10.1145/332833.332838},
	issn = {00010782},
	journal = {Communications of the ACM},
	number = {5},
	pages = {51--58},
	title = {{Wireless integrated network sensors}},
	volume = {43},
	year = {2000}
}

@article{Heinzelman2000,
	author = {Heinzelman, W R and Chandrakasan, A and Balakrishnan, H},
	doi = {10.1109/hicss.2000.926982},
	pages = {10},
	title = {{Energy-efficient communication protocol for wireless microsensor networks}},
	volume = {vol.1},
	year = {2000}
}

@article{Kahn2000,
	author = {Kahn, Joseph M and Katz, Randy Howard and Pister, Kristofer S J},
	doi = {10.1109/jcn.2000.6596708},
	issn = {1229-2370},
	journal = {Communications and Networks, Journal of},
	keywords = {Bit rate Intelligent sensors Laser beams Optical r},
	number = {3},
	pages = {188--196},
	title = {{Emerging challenges: Mobile networking for ``Smart Dust''}},
	volume = {2},
	year = {2000}
}
