@ARTICLE{1237559, 
	journal={IEEE Std 802.15.4-2003}, 
	title={IEEE Standard for Information Technology - Telecommunications and Information Exchange Between Systems - Local and Metropolitan Area Networks Specific Requirements Part 15.4: Wireless Medium Access Control (MAC) and Physical Layer (PHY) Specifications for Low-Rate Wireless Personal Area Networks (LR-WPANs)}, 
	year={2003}, 
	pages={1-670}, 
	doi={10.1109/IEEESTD.2003.94389}, 
	month={},}

@ARTICLE{7460875, 
	journal={IEEE Std 802.15.4-2015 (Revision of IEEE Std 802.15.4-2011)}, 
	title={IEEE Standard for Low-Rate Wireless Networks}, 
	year={2016}, 
	pages={1-709},  
	doi={10.1109/IEEESTD.2016.7460875}, 
	month={April},}