@ARTICLE{802154, 
journal={IEEE Std 802.15.4-2003}, 
title={IEEE Standard for Information Technology - Telecommunications and Information Exchange Between Systems - Local and Metropolitan Area Networks Specific Requirements Part 15.4: Wireless Medium Access Control (MAC) and Physical Layer (PHY) Specifications for Low-Rate Wireless Personal Area Networks (LR-WPANs)}, 
year={2003}, 
pages={0_1-670}, 
doi={10.1109/IEEESTD.2003.94389}, 
month={},}